% File: references.bib
% Created: Tue Dec 13 10:00 AM 2011 B
% Last Change: Tue Dec 13 10:00 AM 2011 B
% Author: htt://code.google.com/p/latex-with-vim/
% E-mail: htt://code.google.com/p/latex-with-vim/
% License: Creative Commons Attribution 3.0 Unported License
%
%***********************************************************************
% This code is part of LaTeX with Vim.
%
% Latex with Vim is free book: you can redistribute it and/or modify it
% under the terms of the Creative Commons Attribution 3.0 Unported 
% License, or (at your option) any later version.
%
%***********************************************************************

@Manual{Braams:2008:Babel,
    title = {Babel, a multilingual package for use with LaTeX's standard document class},
    author = {Johannes Braams},
    month = {jul},
    year = {2008},
    note = {\url{http://www.ctan.org/pub/tex-archive/macros/latex/required/babel/babel.pdf}},
}

@Book{Graetzer:2007:MoreMath,
    title = {More Math into LaTeX},
    author = {George Gr{\"a}tzer},
    publisher = {Springer},
    edition = {4},
    year = {2007},
}

@Manual{Umeki:2010:Geometry,
    title = {The geometry package },
    author = {Hideo Umeki},
    month = {sep},
    year = {2010},
    note = {\url{ftp://ftp.tex.ac.uk/tex-archive/macros/latex/contrib/geometry/geometry.pdf}},
}

@Manual{Moses:2007:Listings,
    title = {The Listings Package},
    author = {Brooks Moses},
    month = {feb},
    year = {2007},
    note = {\url{ftp://ftp.tex.ac.uk/tex-archive/macros/latex/contrib/listings/listings.pdf}},
}

@Manual{Mitttelbach:2009:Multicolumn,
    title = {An environment for multicolumn output},
    author = {Frank Mittelbach},
    month = {sep},
    year = {2009},
    note = {\url{www.tex.ac.uk/ctan/macros/latex/required/tools/multicol.pdf}},
}

@Manual{Sauer:2004:Parcolumns,
    title = {The parcolumns package},
    author = {Jonathan Sauer},
    month = {nov},
    year = {2004},
    note = {\url{www.ctan.org/tex-archive/macros/latex/contrib/sauerj/parcolumns.pdf}},
}

@Misc{Neves:AprendendoLaTeX,
    title = {O que vou aprendendo em LaTeX},
    author = {Antero Neves},
    note = {\url{http://aprendolatex.wordpress.com/}},
}

@Misc{WikiBooks:LaTeX:en,
    title = {LaTeX},
    publisher = {Wikimedia},
    note = {\url{http://en.wikibooks.org/wiki/LaTeX}},
}

@Misc{TeXBR,
    title = {TeX-BR},
    note = {\url{http://www.tex-br.org/index.php/P%C3%A1gina_inicial}},
}

@Misc{Tom:LaTeXMatters,
    title = {LaTeX Matters},
    author = {Tom},
    note = {\url{http://texblog.wordpress.com/}},
}

@Misc{Santos:2009:IntroducaoLaTeX,
    title = {Introdu\c{c}{\~a}o ao LaTeX},
    author = {Reginaldo J. Santos},
    month = {sep},
    year = {2009},
    note = {\url{http://www.mat.ufmg.br/~regi/topicos/intlat.pdf}},
}

@Misc{Souto:CursoLaTeX,
    title = {Curso de LaTeX},
    author = {Gilberto Souto},
    note = {\url{www.ufsm.br/petfisica/extras/arquivos/latex.pdf}},
}

@Book{Sobell:2005:PracticalGuide,
    title = {A Practical Guide to Linux(R) Commands, Editors, and Shell Programming},
    author = {Mark G. Sobell},
    publisher = {Prentice Hall},
    month = {jul},
    year = {2005},
}

@Misc{Wiki:VimTips,
    title = {Vim Tips wiki},
    note = {\url{http://vim.wikia.com/wiki/Vim_Tips_Wiki}},
}

@Manual{Avadhanula:LaTeXSuite,
    title = {Latex-Suite Reference},
    author = {Srinath Avadhanula and Mikolaj Machowski and Benji Fisher},
    note = {\url{http://vim-latex.sourceforge.net/documentation/latex-suite/}},
}

@MANUAL{Tantau:2010:Tikz-and-PGF,
    title = {The Ti\emph{k}Z and \textsc{PGF} Packages - Manual for version 2.10},
    author = {Till Tantau},
    year = {2010},
}
