% Filename: try21.bib
% This code is part of 'Cursos CAMECC: Introducao ao LaTeX para o Curso 29 - Licenciatura em Matematica'
% 
% Description: This file correspond exercise 11 of the textbook using in the course.
% 
% Created: 07.06.12 11:30:10 AM
% Last Change: 07.06.12 11:30:30 AM
% 
% Authors:
% - Raniere Silva, r.gaia.cs@gmail.com
% 
% Organization: CAMECC - Centro Academico dos Estudantes do IMECC
% 
% Copyright (c) 2012, Raniere Silva. All rights reserved.
% 
% This work is licensed under the Creative Commons Attribution-ShareAlike 3.0 Unported License. To view a copy of this license, visit http://creativecommons.org/licenses/by-sa/3.0/ or send a letter to Creative Commons, 444 Castro Street, Suite 900, Mountain View, California, 94041, USA.
%
% This work is distributed in the hope that it will be useful, but WITHOUT ANY WARRANTY; without even the implied warranty of MERCHANTABILITY or FITNESS FOR A PARTICULAR PURPOSE.
%
@MISC{Rodrigues:2009:Ovino,
author = {Raquel Maria Cury Rodrigues},
title = {An√°lise do desenvolvimento do rebanho ovino e caprino no Brasil em 2009},
note = {\url{http://www.farmpoint.com.br/cadeia-produtiva/especiais/analise-do-desenvolvimento-do-rebanho-ovino-e-caprino-no-brasil-em-2009-67787n.aspx}},
}
