% Filename: try31.bib
% This code is part of 'Cursos CAMECC: Introducao ao LaTeX para o Curso 29 - Licenciatura em Matematica'
% 
% Description: This file correspond exercise 31 of the textbook using in the course.
% 
% Created: 07.06.12 11:30:10 AM
% Last Change: 07.06.12 11:30:30 AM
% 
% Authors:
% - Raniere Silva, r.gaia.cs@gmail.com
% 
% Organization: CAMECC - Centro Academico dos Estudantes do IMECC
% 
% Copyright (c) 2012, Raniere Silva. All rights reserved.
% 
% This work is licensed under the Creative Commons Attribution-ShareAlike 3.0 Unported License. To view a copy of this license, visit http://creativecommons.org/licenses/by-sa/3.0/ or send a letter to Creative Commons, 444 Castro Street, Suite 900, Mountain View, California, 94041, USA.
%
% This work is distributed in the hope that it will be useful, but WITHOUT ANY WARRANTY; without even the implied warranty of MERCHANTABILITY or FITNESS FOR A PARTICULAR PURPOSE.
%
@MISC{polinomio,
author = {Ulysses Sodré},
title = {Ensino Médio: Polinômios e Equações algébricas},
note = {\url{http://pessoal.sercomtel.com.br/matematica/medio/polinom/polinom.htm}},
}

@MISC{sistema,
author = {Emanuelle L.Vicente and Ulysses Sodré},
title = {Ensino Médio: Sistemas Lineares},
note = {\url{http://pessoal.sercomtel.com.br/matematica/medio/matrizes/sistemas.htm}},
}

@MISC{trigonometria,
author = {{USP}},
title = {Trigonometria no triângulo retângulo},
note = {\url{http://ecalculo.if.usp.br/funcoes/trigonometricas/rz_trigo_triret.htm/rz_trigo_triret.htm}},
}
